<record><leader>00000cas a22000007a 4500</leader><controlfield tag="001">9521126</controlfield><controlfield tag="008">830518u18701uuunyudn ne      0    0eng d</controlfield><controlfield tag="009">3781</controlfield><datafield ind1=" " ind2=" " tag="010"><subfield code="a">sn 83030383 </subfield></datafield><datafield ind1=" " ind2=" " tag="040"><subfield code="a">NPU</subfield><subfield code="b">eng</subfield><subfield code="c">NPU</subfield><subfield code="d">DLC</subfield><subfield code="d">OCLCQ</subfield></datafield><datafield ind1="1" ind2=" " tag="029"><subfield code="a">AU@</subfield><subfield code="b">000025824117</subfield></datafield><datafield ind1=" " ind2=" " tag="042"><subfield code="a">msc</subfield></datafield><datafield ind1="0" ind2="0" tag="050"><subfield code="a">Newspaper 8961</subfield></datafield><datafield ind1="0" ind2="4" tag="245"><subfield code="a">The New York evening free press.</subfield></datafield><datafield ind1="1" ind2="3" tag="246"><subfield code="a">New York free press</subfield></datafield><datafield ind1="0" ind2="7" tag="246"><subfield code="a">Evening free press.</subfield></datafield><datafield ind1=" " ind2=" " tag="260"><subfield code="a">New York, [N.Y.] :</subfield><subfield code="b">Free Press Association,</subfield><subfield code="c">1870-</subfield></datafield><datafield ind1=" " ind2=" " tag="300"><subfield code="a">v. :</subfield><subfield code="b">ill (advertisements) ;</subfield><subfield code="c">66 cm.</subfield></datafield><datafield ind1=" " ind2=" " tag="310"><subfield code="a">Daily (except Sun.)</subfield></datafield><datafield ind1="0" ind2=" " tag="362"><subfield code="a">Vol. 1, no. 1 (Aug. 31, 1870)-</subfield></datafield><datafield ind1=" " ind2=" " tag="500"><subfield code="a">The word "evening" appears within title ornament.</subfield></datafield><datafield ind1=" " ind2=" " tag="500"><subfield code="a">Published in four daily editions.</subfield></datafield><datafield ind1=" " ind2=" " tag="500"><subfield code="a">Editor: 1870-&lt;    &gt; Chas. H. Farrell.</subfield></datafield><datafield ind1=" " ind2=" " tag="752"><subfield code="a">United States</subfield><subfield code="b">New York</subfield><subfield code="c">New York</subfield><subfield code="d">New York.</subfield></datafield></record>